

@book{PMBOK,
	Author = {Project Management Institute},
	Title = {A Guide to the Project Management Body of Knowledge, Third Edition (PMBOK Guides)},
	Publisher = {Project Management Institute},
	Year = {2004},
	note={{ISBN:}  193069945X}

}

@book{La_robotique_industrielle,
	Author = {FANUC ACADEMY},
	Title = {La robotique industrielle - GUIDE DE L'UTILISATEUR},
	Year = {2016},
	note={{ISBN:} 978-2-01-399824-6}
}


@misc{siteeller,
	author = {Andrew Mathieson},
	title = {Choosing a Chain Hoist Control System},
	year = {2016 (Consult√© le 19/01/2017)}, 
	howpublished = "\url{http://www.jands.com.au/support/product-support/staging-technical-materials/choosing-a-chain-hoist-control-system-part-4}"}