
@book{khalil2004modeling,
	title={Modeling, Identification and Control of Robots},
	author={Khalil, W. and Dombre, E.},
	isbn={9780080536613},
	series={Kogan Page Science paper edition},
	url={https://books.google.fr/books?id=nyrY0Pu5kl0C},
	year={2004},
	publisher={Elsevier Science}
}
